@STRING{stexyear = 2016}
@techreport{Kohlhase:ed:ctan,crossref={Kohlhase:ed:base},
  institution = {Comprehensive {\TeX} Archive Network (CTAN)},
  CHANGEurl = {http://www.ctan.org/get/macros/latex/contrib/ed/ed.pdf}, 
  pubs = {mkohlhase,projects/stex}}
@techreport{Kohlhase:ed:svn,crossref={Kohlhase:ed:base},
  url = {https://svn.kwarc.info/repos/kwarc/doc/macros/forCTAN/ed/ed.pdf}}
@techreport{Kohlhase:ed:base,
  author = {Michael Kohlhase},
  title = {Editorial Notes for {\LaTeX}},
  type =     {Self-documenting {\LaTeX} package},
  year = stexyear}

@online{LaTeX-proposal:git,
    label = {LP},
    url = {http://github.com/KWARC/LaTeX-proposal/},
    urldate = {2017-09-13},
    title = {{LaTeX-proposal}: A set of {\LaTeX} classes for preparing grant proposals}
    }

@online{gitinfo2:on,
  title = {gitinfo2.sty},
  subtitle = {A package for accessing metadata from the git dvcs},
  author = {Brent Longborough},
  urldate = {2014-10-26},
  url = {http://mirrors.ctan.org/macros/latex/contrib/gitinfo2/gitinfo2.pdf}}

@techreport{Kohlhase:pdrp:ctan,crossref={Kohlhase:pdrp:base},
  institution = {Comprehensive {\TeX} Archive Network (CTAN)},
  url = {http://mirror.ctan.org/macros/latex/contrib/proposal/dfg/dfgproposal.pdf}, 
  pubs = {mkohlhase,projects/stex}}
@techreport{Kohlhase:pdrp:svn,crossref={Kohlhase:pdrp:base},
  url = {http://github.com/KWARC/LaTeX-proposal/dfg/dfgproposal.pdf}}
@techreport{Kohlhase:pdrp:base,
  author = {Michael Kohlhase},
  title = {Preparing DFG Proposals and Reports in {\LaTeX} with {\texttt{dfgproposal.cls}}},
  type =     {Self-documenting {\LaTeX} package},
  year = stexyear}

@techreport{Kohlhase:pplp:ctan,crossref={Kohlhase:pplp:base},
  institution = {Comprehensive {\TeX} Archive Network (CTAN)},
  url = {http://mirror.ctan.org/macros/latex/contrib/proposal/base/proposal.pdf}, 
  pubs = {mkohlhase,projects/stex}}
@techreport{Kohlhase:pplp:svn,crossref={Kohlhase:pplp:base},
  url = {http://github.com/KWARC/LaTeX-proposal/base/proposal.pdf}}
@techreport{Kohlhase:pplp:base,
  author = {Michael Kohlhase},
  title = {Preparing Proposals in {\LaTeX} with {\tt{proposal.cls}}},
  type =     {Self-documenting {\LaTeX} package},
  year = stexyear}

@Manual{DFG:102e,
  title = 	 {Research Grants, Guidelines and Proposal Preparation Instructions},
  organization = {German Research Foundation (DFG)}, 
  url = {http://www.dfg.de/download/programme/emmy_noether_programm/antragstellung/1_02_e/1_02e.pdf},
  month = 	 oct,
  year = 	 2010}

@Manual{DFG:2012e,
  title = 	 {Guidelines for the Use of Funds International Research Grants with Guidelines for Final Reports},
  organization = {German Research Foundation (DFG)}, 
  url = {http://www.dfg.de/download/programme/sachbeihilfe/antragstellung/2_012_e/2_012e.pdf},
  month = 	 jul,
  year = 	 2010}

@Manual{DFG:201,
  title = {Verwendungsrichtlinien, Sachbeihilfen mit Leitfaden f{\"ur}r Abschlussberichte und Regeln guter wissenschaftlicher Praxis},
  organization = {German Research Foundation (DFG)}, 
  url = {http://www.dfg.de/download/programme/sachbeihilfe/abschlussberichte/2_01/2_01.pdf},
  month = 	 jun,
  year = 	 2010}
